<?xml version="1.0" encoding="UTF-8"?><collection xmlns="http://www.loc.gov/MARC21/slim"><record><leader>00402nam--2200121-i-4500</leader><controlfield tag="001">000025941</controlfield><controlfield tag="002">20161230</controlfield><controlfield tag="005">20161230201036</controlfield><controlfield tag="008">060222s1000------------r-----000-0-eng-d</controlfield><datafield ind1=" " ind2=" " tag="080"><subfield code="a">62-05</subfield></datafield><datafield ind1=" " ind2=" " tag="245"><subfield code="a">Instructiuni de tehnica securitatii si protectia muncii in timpul controlului tehnic al instalatiilor mecanice..</subfield></datafield><datafield ind1=" " ind2=" " tag="260"><subfield code="a">Bucuresti, Ed.De Stat Pentru Imprimate Si Publicatii, 1967. 20p</subfield></datafield><datafield ind1=" " ind2=" " tag="852"><subfield code="a">27051</subfield></datafield></record></collection>